<collection xmlns="http://www.loc.gov/MARC21/slim">
   <record>
      <leader>01480cam a22003134a 4500</leader>
      <controlfield tag="001">6675221</controlfield>
      <controlfield tag="003">OCoLC</controlfield>
      <controlfield tag="005">20150204134123.0</controlfield>
      <controlfield tag="008">150204s2015    sw            000 0 eng d</controlfield>
      <datafield ind1=" " ind2=" " tag="020">
         <subfield code="a">9783319080062</subfield>
      </datafield>
      <datafield ind1=" " ind2=" " tag="020">
         <subfield code="a">3319080067</subfield>
      </datafield>
      <datafield ind1=" " ind2=" " tag="035">
         <subfield code="a">ocn902735263</subfield>
      </datafield>
      <datafield ind1=" " ind2=" " tag="040">
         <subfield code="a">CNKEY</subfield>
         <subfield code="c">CNKEY</subfield>
         <subfield code="d">AFMK</subfield>
      </datafield>
      <datafield ind1=" " ind2=" " tag="090">
         <subfield code="a">HF 5549.5 O44 A267 2015</subfield>
         <subfield code="b">AFMK</subfield>
      </datafield>
      <datafield ind1="0" ind2="0" tag="245">
         <subfield code="a">Aging workers and the employee-employer relationship /</subfield>
         <subfield code="c">editors P. Matthijs Bal, Dorien T.A.M. Kooij, Denise M. Rousseau.</subfield>
      </datafield>
      <datafield ind1=" " ind2=" " tag="260">
         <subfield code="a">Cham, Switzerland :</subfield>
         <subfield code="b">Springer,</subfield>
         <subfield code="c">2015.</subfield>
      </datafield>
      <datafield ind1=" " ind2=" " tag="300">
         <subfield code="a">xiii, 268 pages :</subfield>
         <subfield code="b">illustrations  ;</subfield>
         <subfield code="c">24 cm</subfield>
      </datafield>
      <datafield ind1=" " ind2=" " tag="336">
         <subfield code="a">text</subfield>
         <subfield code="b">txt</subfield>
         <subfield code="2">rdacontent</subfield>
         <subfield code="0">http://id.loc.gov/vocabulary/contentTypes/txt</subfield>
      </datafield>
      <datafield ind1=" " ind2=" " tag="337">
         <subfield code="a">unmediated</subfield>
         <subfield code="b">n</subfield>
         <subfield code="2">rdamedia</subfield>
         <subfield code="0">http://id.loc.gov/vocabulary/mediaTypes/n</subfield>
      </datafield>
      <datafield ind1=" " ind2=" " tag="338">
         <subfield code="a">volume</subfield>
      </datafield>
      <datafield ind1=" " ind2=" " tag="596">
         <subfield code="a">8</subfield>
      </datafield>
      <datafield ind1=" " ind2="0" tag="650">
         <subfield code="a">Older people</subfield>
         <subfield code="x">Employment.</subfield>
         <subfield code="0">http://id.loc.gov/authorities/subjects/sh85002100</subfield>
      </datafield>
      <datafield ind1=" " ind2="0" tag="650">
         <subfield code="a">Industrial relations.</subfield>
         <subfield code="0">http://id.loc.gov/authorities/subjects/sh85065928</subfield>
      </datafield>
      <datafield ind1="1" ind2=" " tag="700">
         <subfield code="a">Bal, P. Matthijs.</subfield>
         <subfield code="0">http://viaf.org/viaf/289495352</subfield>
      </datafield>
      <datafield ind1="1" ind2=" " tag="700">
         <subfield code="a">Kooij, Dorien T.A.M.</subfield>
         <subfield code="0">http://viaf.org/viaf/285947546</subfield>
      </datafield>
      <datafield ind1="1" ind2=" " tag="700">
         <subfield code="a">Rousseau, Denise M.</subfield>
         <subfield code="0">http://id.loc.gov/authorities/names/n79052180</subfield>
         <subfield code="0">http://viaf.org/viaf/32327400</subfield>
      </datafield>
      <datafield ind1=" " ind2=" " tag="758">
         <subfield code="0">http://worldcat.org/entity/work/id/1819295340</subfield>
      </datafield>
      <datafield ind1="0" ind2=" " tag="787">
         <subfield code="n">OCLC Work Id</subfield>
         <subfield code="o">http://worldcat.org/entity/work/id/1819295340</subfield>
      </datafield>
      <datafield ind1=" " ind2=" " tag="926">
         <subfield code="a">HF 5549.5 O44 A267 2015</subfield>
         <subfield code="w">LC</subfield>
         <subfield code="c">1</subfield>
         <subfield code="i">34917001368229</subfield>
         <subfield code="l">ON_SHELF</subfield>
         <subfield code="m">KEYANO</subfield>
         <subfield code="p">$119.97</subfield>
         <subfield code="r">Y</subfield>
         <subfield code="s">Y</subfield>
         <subfield code="t">BOOK</subfield>
         <subfield code="u">9/10/2014</subfield>
         <subfield code="o">.STAFF. Rec'd Oct/14 MW</subfield>
      </datafield>
   </record>
</collection>
